00552cas a22002291a 4500
001 9917738183502836
003 Nz
005 20161223172957.0
008 040113d1980uuuunz  r ne      0   0 ton d
035    $a (OCoLC)271607138
035    $a (Nz)8183214
035    $a (NLNZils)1773818-ilsdb
040    $a WN $c WN
042    $a nznb
043    $a u-nz---
245 00 $a Talanga.
260    $a Auckland [N.Z.]
310    $a Monthly
362 0  $a 1980 Sep.-?
500    $a In Tongan.
651  0 $a Auckland (N.Z.) $v Newspapers.
655  7 $a New Zealand newspapers. $2 local $5 Nz
